<collection xmlns="http://www.loc.gov/MARC21/slim">
<record>
  <leader>01779nam0a2200337 i 450 </leader>
  <controlfield tag="001">IT\ICCU\CNCE\071560</controlfield>
  <controlfield tag="005">20090128000000.0</controlfield>
  <datafield tag="012" ind1=" " ind2=" ">
    <subfield code="a">io,&amp; va8. s-n- coge (3) 1592 (R)</subfield>
    <subfield code="2">fei</subfield>
  </datafield>
  <datafield tag="100" ind1=" " ind2=" ">
    <subfield code="a">20070803d1592        0itac0103    ba</subfield>
  </datafield>
  <datafield tag="101" ind1=" " ind2=" ">
    <subfield code="a">ITA</subfield>
  </datafield>
  <datafield tag="102" ind1=" " ind2=" ">
    <subfield code="a">IT</subfield>
  </datafield>
  <datafield tag="200" ind1="1" ind2=" ">
    <subfield code="a">℗Li ℗marauigliosi secreti di medicina, e chirurgia, nuouamente ritrouati per guarire ogni sorte d&apos;infermit.̉ Raccolti dalla prattica dell&apos;eccellente medico m. Gio. Battista Zapata, da Gioseppe Scientia chirurgico, suo discepolo</subfield>
  </datafield>
  <datafield tag="210" ind1=" " ind2=" ">
    <subfield code="a">In Venetia</subfield>
    <subfield code="c">\Giacomo Cornetti!</subfield>
    <subfield code="c">appresso Simon Alberti</subfield>
    <subfield code="d">1592</subfield>
  </datafield>
  <datafield tag="215" ind1=" " ind2=" ">
    <subfield code="a">\48!, 215, \1! p.</subfield>
    <subfield code="d">8ʻ</subfield>
  </datafield>
  <datafield tag="620" ind1=" " ind2=" ">
    <subfield code="a">IT</subfield>
    <subfield code="d">Venezia</subfield>
  </datafield>
  <datafield tag="700" ind1=" " ind2="1">
    <subfield code="a">Zapata,</subfield>
    <subfield code="b">Giovanni Battista</subfield>
    <subfield code="3">IT\ICCU\CNCA\010160</subfield>
  </datafield>
  <datafield tag="702" ind1=" " ind2="1">
    <subfield code="a">Scienza,</subfield>
    <subfield code="b">Giuseppe</subfield>
    <subfield code="3">IT\ICCU\CNCA\007446</subfield>
  </datafield>
  <datafield tag="712" ind1="0" ind2="0">
    <subfield code="a">Alberti, Simone</subfield>
    <subfield code="3">IT\ICCU\CNCT\001388</subfield>
    <subfield code="4">650</subfield>
  </datafield>
  <datafield tag="712" ind1="0" ind2="0">
    <subfield code="a">Cornetti, Giacomo</subfield>
    <subfield code="3">IT\ICCU\CNCT\000119</subfield>
    <subfield code="4">650</subfield>
  </datafield>
  <datafield tag="790" ind1=" " ind2="1">
    <subfield code="a">Scientia,</subfield>
    <subfield code="b">Giuseppe</subfield>
    <subfield code="3">IT\ICCU\CNCA\024053</subfield>
    <subfield code="z">Scienza, Giuseppe</subfield>
  </datafield>
  <datafield tag="791" ind1="0" ind2="0">
    <subfield code="a">Albertus, Simon</subfield>
    <subfield code="3">IT\ICCU\CNCT\004223</subfield>
    <subfield code="z">Alberti, Simone</subfield>
  </datafield>
  <datafield tag="791" ind1="0" ind2="0">
    <subfield code="a">Cornetti, Iacomo</subfield>
    <subfield code="3">IT\ICCU\CNCT\004676</subfield>
    <subfield code="z">Cornetti, Giacomo</subfield>
  </datafield>
  <datafield tag="791" ind1="0" ind2="0">
    <subfield code="a">Cornettus, Iacobus</subfield>
    <subfield code="3">IT\ICCU\CNCT\004677</subfield>
    <subfield code="z">Cornetti, Giacomo</subfield>
  </datafield>
  <datafield tag="801" ind1=" " ind2="3">
    <subfield code="a">IT</subfield>
    <subfield code="b">ICCU</subfield>
    <subfield code="c">20201115</subfield>
  </datafield>
  <datafield tag="899" ind1=" " ind2=" ">
    <subfield code="a">Biblioteca universitaria. Bologna</subfield>
    <subfield code="1">BO0098</subfield>
    <subfield code="2">UBO BU</subfield>
  </datafield>
  <datafield tag="899" ind1=" " ind2=" ">
    <subfield code="a">Biblioteca civica. Cosenza</subfield>
    <subfield code="1">CS0044</subfield>
    <subfield code="2">RCA 20</subfield>
  </datafield>
  <datafield tag="899" ind1=" " ind2=" ">
    <subfield code="a">Biblioteca comunale Carlo Venturini. Massa Lombarda</subfield>
    <subfield code="1">RA0026</subfield>
    <subfield code="2">RAV ML</subfield>
  </datafield>
  <datafield tag="899" ind1=" " ind2=" ">
    <subfield code="a">Biblioteca Angelica. Roma</subfield>
    <subfield code="1">RM0290</subfield>
    <subfield code="2">RML 06</subfield>
  </datafield>
  <datafield tag="899" ind1=" " ind2=" ">
    <subfield code="a">Collezione privata Bernardo Altieri. Salerno</subfield>
    <subfield code="z">MUTILO</subfield>
    <subfield code="1">SA0250</subfield>
  </datafield>
  <datafield tag="911" ind1=" " ind2=" ">
    <subfield code="a">Sul front.</subfield>
    <subfield code="9">IT\ICCU\CNCM\000942</subfield>
  </datafield>
  <datafield tag="921" ind1=" " ind2=" ">
    <subfield code="a">IT\ICCU\CNCM\000942</subfield>
    <subfield code="b">Due cornacchie su un piedistallo ai lati di uno scettro. In cornice.</subfield>
    <subfield code="e">Concordia res parvae crescunt</subfield>
    <subfield code="c">U46</subfield>
    <subfield code="d">Dimensioni: 3,2 x 4</subfield>
    <subfield code="f">CONCORDIAR</subfield>
    <subfield code="f">CORNACCHIE</subfield>
    <subfield code="g">1586-1592</subfield>
  </datafield>
</record>
</collection>
